<?xml version="1.0" encoding="UTF-8"?>
<collection xmlns:xsi="http://www.w3.org/2001/XMLSchema-instance" xsi:schemaLocation="http://www.loc.gov/MARC21/slim http://www.loc.gov/standards/marcxml/schema/MARC21slim.xsd" xmlns="http://www.loc.gov/MARC21/slim">
<record>
  <leader>00864cam a22001931  4500</leader>
  <controlfield tag="001">3068352</controlfield>
  <controlfield tag="003">NNC</controlfield>
  <controlfield tag="005">20130426015244.0</controlfield>
  <controlfield tag="008">010820s1934    ua            000 0 ara d</controlfield>
  <datafield tag="035" ind1=" " ind2=" ">
    <subfield code="a">(OCoLC)ocm47807707</subfield>
  </datafield>
  <datafield tag="035" ind1=" " ind2=" ">
    <subfield code="9">ATP0800CU</subfield>
  </datafield>
  <datafield tag="035" ind1=" " ind2=" ">
    <subfield code="a">(NNC)3068352</subfield>
  </datafield>
  <datafield tag="040" ind1=" " ind2=" ">
    <subfield code="a">ZCU</subfield>
    <subfield code="c">ZCU</subfield>
  </datafield>
  <datafield tag="099" ind1=" " ind2=" ">
    <subfield code="a">893.7B294</subfield>
    <subfield code="a">I3</subfield>
  </datafield>
  <datafield tag="100" ind1="0" ind2=" ">
    <subfield code="a">Bashshār ibn Burd,</subfield>
    <subfield code="d">-783 or 784.</subfield>
  </datafield>
  <datafield tag="245" ind1="1" ind2="3">
    <subfield code="a">al-Mukhtār min shiʻir Bashshār,</subfield>
    <subfield code="b">ikhtiyār al-Khālidīyayn, wasarhuhū li Abī al-Ṭāhir Ismāʻīl ibn Aḥmad ibn Ziyādat-Allā al-Tujībī al-Barqī. Iʻtanā binaskihī watasḥīḥihī wataʻlq̄ al-fawāʾid ʻalayhi watakrīj abyātihī wawaḍʻ fahārisihī al-Sayyid Muḥammad Badr̤-al-Dīn al-ʻAlawī.</subfield>
  </datafield>
  <datafield tag="260" ind1=" " ind2=" ">
    <subfield code="a">[al-Qāhirah]</subfield>
    <subfield code="b">Lajnat al-Taʾlīf wa-al-Tarjamah wa-al-Nashr</subfield>
    <subfield code="c">[1934]</subfield>
  </datafield>
  <datafield tag="300" ind1=" " ind2=" ">
    <subfield code="a">14, 341, 14, 24, 8, 6 p.</subfield>
  </datafield>
  <datafield tag="955" ind1=" " ind2=" ">
    <subfield code="b">CU58867600</subfield>
    <subfield code="d">off,glx</subfield>
    <subfield code="e">893.7B294 I3</subfield>
  </datafield>
</record>
</collection>